@techreport{lusk96,
  title={Deploying anaerobic digesters: Current status and future possibilities},
  author={Lusk, P and Wheeler, P and Rivard, C},
  year={1996},
  institution={National Renewable Energy Lab., Golden, CO (United States)}
}


@techreport{lusk98,
  title={Methane recovery from animal manures the current opportunities casebook},
  author={Lusk, Phillip},
  year={1998},
  institution={National Renewable Energy Lab., Golden, CO (US)}
}

@book{nayono,
  title={Anaerobic digestion of organic solid waste for energy production},
  author={Nayono, Satoto Endar},
  volume={46},
  year={2010},
  publisher={KIT scientific Publishing}
}


@article{chen,
  title={Enhancement of methane production in anaerobic digestion process: a review},
  author={Li, Yue and Chen, Yinguang and Wu, Jiang},
  journal={Applied energy},
  volume={240},
  pages={120--137},
  year={2019},
  publisher={Elsevier}
}

@incollection{abbasi12,
  title={A brief history of anaerobic digestion and “biogas”},
  author={Abbasi, Tasneem and Tauseef, SM and Abbasi, SA},
  booktitle={Biogas Energy},
  pages={11--23},
  year={2012},
  publisher={Springer}
}


@article{patel,
  title={A review of the processes, parameters, and optimization of anaerobic digestion},
  author={Meegoda, Jay N and Li, Brian and Patel, Kush and Wang, Lily B},
  journal={International journal of environmental research and public health},
  volume={15},
  number={10},
  pages={2224},
  year={2018},
  publisher={Multidisciplinary Digital Publishing Institute}
}

@article{amani2010anaerobic,
  title={Anaerobic digestion from the viewpoint of microbiological, chemical, and operational aspects—a review},
  author={Amani, Teimour and Nosrati, Mohsen and Sreekrishnan, TR},
  journal={Environmental Reviews},
  volume={18},
  number={NA},
  pages={255--278},
  year={2010}
}

@article{martins2018methane,
  title={Methane production and conductive materials: a critical review},
  author={Martins, Gilberto and Salvador, Andreia F and Pereira, Luciana and Alves, M Madalena},
  journal={Environmental science and technology},
  volume={52},
  number={18},
  pages={10241--10253},
  year={2018},
  publisher={ACS Publications}
}

@article{zieminski2012methane,
  title={Methane fermentation process as anaerobic digestion of biomass: Transformations, stages and microorganisms},
  author={Ziemiński, Krzysztof and Frąc, Magdalena},
  journal={African Journal of Biotechnology},
  volume={11},
  number={18},
  pages={4127--4139},
  year={2012}
}



@article{manyi2013microbial,
  title={Microbial anaerobic digestion (bio-digesters) as an approach to the decontamination of animal wastes in pollution control and the generation of renewable energy},
  author={Manyi-Loh, Christy E and Mamphweli, Sampson N and Meyer, Edson L and Okoh, Anthony I and Makaka, Golden and Simon, Michael},
  journal={International journal of environmental research and public health},
  volume={10},
  number={9},
  pages={4390--4417},
  year={2013},
  publisher={Multidisciplinary Digital Publishing Institute}
}





@article{blasco2017edge,
  title={On the edge of research and technological application: a critical review of electromethanogenesis},
  author={Blasco-G{\` o}mez, Ramiro and Batlle-Vilanova, Pau and Villano, Marianna and Balaguer, Maria Dolors and Colprim, Jes{\' u}s and Puig, Sebasti{\` a}},
  journal={International journal of molecular sciences},
  volume={18},
  number={4},
  pages={874},
  year={2017},
  publisher={Multidisciplinary Digital Publishing Institute}
}

@article{lovley2017syntrophy,
  title={Syntrophy goes electric: direct interspecies electron transfer},
  author={Lovley, Derek R},
  journal={Annual review of microbiology},
  volume={71},
  pages={643--664},
  year={2017},
  publisher={Annual Reviews}
}

@article{sure2016microbial,
  title={Microbial nanowires: an electrifying tale},
  author={Sure, Sandeep and Ackland, M Leigh and Torriero, Angel AJ and Adholeya, Alok and Kochar, Mandira},
  journal={Microbiology},
  volume={162},
  number={12},
  pages={2017--2028},
  year={2016},
  publisher={Microbiology Society}
}


@article{ding2016identification,
  title={Identification of the first transcriptional activator of an archaellum operon in a euryarchaeon},
  author={Ding, Yan and Nash, John and Berezuk, Alison and Khursigara, Cezar M and Langelaan, David N and Smith, Steven P and Jarrell, Ken F},
  journal={Molecular microbiology},
  volume={102},
  number={1},
  pages={54--70},
  year={2016},
  publisher={Wiley Online Library}
}


@article{daum2017structure,
  title={Structure and in situ organisation of the Pyrococcus furiosus archaellum machinery},
  author={Daum, Bertram and Vonck, Janet and Bellack, Annett and Chaudhury, Paushali and Reichelt, Robert and Albers, Sonja-Verena and Rachel, Reinhard and K{\"u}hlbrandt, Werner},
  journal={Elife},
  volume={6},
  pages={e27470},
  year={2017},
  publisher={eLife Sciences Publications Limited}
}


@article{meshcheryakov2019high,
  title={High-resolution archaellum structure reveals a conserved metal-binding site},
  author={Meshcheryakov, Vladimir A and Shibata, Satoshi and Schreiber, Makoto Tokoro and Villar-Briones, Alejandro and Jarrell, Kenneth F and Aizawa, Shin-Ichi and Wolf, Matthias},
  journal={EMBO reports},
  volume={20},
  number={5},
  pages={e46340},
  year={2019}
}


@article{storck2016modelling,
  title={Modelling extracellular limitations for mediated versus direct interspecies electron transfer},
  author={Storck, Tomas and Virdis, Bernardino and Batstone, Damien J},
  journal={The ISME journal},
  volume={10},
  number={3},
  pages={621--631},
  year={2016},
  publisher={Nature Publishing Group}
}


@article{yee2020extracellular,
  title={Extracellular electron uptake in Methanosarcinales is independent of multiheme c-type cytochromes},
  author={Yee, Mon Oo and Rotaru, Amelia-Elena},
  journal={Scientific reports},
  volume={10},
  number={1},
  pages={1--12},
  year={2020},
  publisher={Nature Publishing Group}
}


@article{rotaru2014new,
  title={A new model for electron flow during anaerobic digestion: direct interspecies electron transfer to Methanosaeta for the reduction of carbon dioxide to methane},
  author={Rotaru, Amelia-Elena and Shrestha, Pravin Malla and Liu, Fanghua and Shrestha, Minita and Shrestha, Devesh and Embree, Mallory and Zengler, Karsten and Wardman, Colin and Nevin, Kelly P and Lovley, Derek R},
  journal={Energy \& Environmental Science},
  volume={7},
  number={1},
  pages={408--415},
  year={2014},
  publisher={Royal Society of Chemistry}
}


@article{salvador2017carbon,
  title={Carbon nanotubes accelerate methane production in pure cultures of methanogens and in a syntrophic coculture},
  author={Salvador, Andreia F and Martins, Gilberto and Melle-Franco, Manuel and Serpa, Ricardo and Stams, Alfons JM and Cavaleiro, Ana J and Pereira, M Alcina and Alves, M Madalena},
  journal={Environmental microbiology},
  volume={19},
  number={7},
  pages={2727--2739},
  year={2017},
  publisher={Wiley Online Library}
}


@article{holmes2021mechanisms,
  title={Mechanisms for Electron Uptake by Methanosarcina acetivorans During Direct Interspecies Electron Transfer},
  author={Holmes, Dawn and Zhou, Jinjie and Ueki, Toshiyuki and Woodard, Trevor and Lovley, Derek},
  journal={bioRxiv},
  year={2021},
  publisher={Cold Spring Harbor Laboratory}
}


@article{walker2019archaellum,
  title={The archaellum of Methanospirillum hungatei is electrically conductive},
  author={Walker, David JF and Martz, Eric and Holmes, Dawn E and Zhou, Zimu and Nonnenmann, Stephen S and Lovley, Derek R},
  journal={MBio},
  volume={10},
  number={2},
  pages={e00579--19},
  year={2019},
  publisher={Am Soc Microbiol}
}


@article{adam2017growing,
  title={The growing tree of Archaea: new perspectives on their diversity, evolution and ecology},
  author={Adam, Panagiotis S and Borrel, Guillaume and Brochier-Armanet, C{\'e}line and Gribaldo, Simonetta},
  journal={The ISME journal},
  volume={11},
  number={11},
  pages={2407--2425},
  year={2017},
  publisher={Nature Publishing Group}
}

@article{poweleit2016cryoem,
  title={CryoEM structure of the Methanospirillum hungatei archaellum reveals structural features distinct from the bacterial flagellum and type IV pilus},
  author={Poweleit, Nicole and Ge, Peng and Nguyen, Hong H and Loo, Rachel R Ogorzalek and Gunsalus, Robert P and Zhou, Z Hong},
  journal={Nature microbiology},
  volume={2},
  number={3},
  pages={1--12},
  year={2016},
  publisher={Nature Publishing Group}
}


@article{lovley1999humics,
  title={Humics as an electron donor for anaerobic respiration},
  author={Lovley, Derek R and Fraga, Jocelyn L and Coates, John D and Blunt-Harris, Elizabeth L},
  journal={Environmental Microbiology},
  volume={1},
  number={1},
  pages={89--98},
  year={1999},
  publisher={Wiley Online Library}
}

@article{cervantes2002reduction,
  title={Reduction of humic substances by halorespiring, sulphate-reducing and methanogenic microorganisms},
  author={Cervantes, Francisco J and Bok, Frank AM de and Duong-Dac, Tuan and Stams, Alfons JM and Lettinga, Gatze and Field, Jim A},
  journal={Environmental Microbiology},
  volume={4},
  number={1},
  pages={51--57},
  year={2002},
  publisher={Wiley Online Library}
}

@article{lovley1998humic,
  title={Humic substances as a mediator for microbially catalyzed metal reduction},
  author={Lovley, DR and Fraga, JL and Blunt-Harris, EL and Hayes, LA and Phillips, EJP and Coates, JD},
  journal={Acta hydrochimica et hydrobiologica},
  volume={26},
  number={3},
  pages={152--157},
  year={1998},
  publisher={Wiley Online Library}
}


@article{gao2021putative,
  title={Putative Extracellular Electron Transfer in Methanogenic Archaea},
  author={Gao, Kailin and Lu, Yahai},
  journal={Frontiers in Microbiology},
  volume={12},
  pages={649},
  year={2021},
  publisher={Frontiers}
}


@article{chen2014promoting,
  title={Promoting interspecies electron transfer with biochar},
  author={Chen, Shanshan and Rotaru, Amelia-Elena and Shrestha, Pravin Malla and Malvankar, Nikhil S and Liu, Fanghua and Fan, Wei and Nevin, Kelly P and Lovley, Derek R},
  journal={Scientific reports},
  volume={4},
  number={1},
  pages={1--7},
  year={2014},
  publisher={Nature Publishing Group}
}



@article{cologgi2011extracellular,
  title={Extracellular reduction of uranium via Geobacter conductive pili as a protective cellular mechanism},
  author={Cologgi, Dena L and Lampa-Pastirk, Sanela and Speers, Allison M and Kelly, Shelly D and Reguera, Gemma},
  journal={Proceedings of the National Academy of Sciences},
  volume={108},
  number={37},
  pages={15248--15252},
  year={2011},
  publisher={National Acad Sciences}
}


@article{leung2011bacterial,
  title={Bacterial nanowires: conductive as silicon, soft as polymer},
  author={Leung, Kar Man and Wanger, Greg and Guo, Qiuquan and Gorby, Yuri and Southam, Gordon and Lau, Woon Ming and Yang, Jun},
  journal={Soft Matter},
  volume={7},
  number={14},
  pages={6617--6621},
  year={2011},
  publisher={Royal Society of Chemistry}
}


@article{malvankar2012microbial,
  title={Microbial nanowires: a new paradigm for biological electron transfer and bioelectronics},
  author={Malvankar, Nikhil S and Lovley, Derek R},
  journal={ChemSusChem},
  volume={5},
  number={6},
  pages={1039},
  year={2012}
}


@article{payne2017worry,
  title={Why worry about bisphosphonate-related osteonecrosis of the jaw? A guide to diagnosis, initial management, and referral of patients},
  author={Payne, Karl FB and Goodson, Alexander MC and Tahim, Arpan S and Rafi, Imran and Brennan, Peter A},
  journal={British Journal of General Practice},
  volume={67},
  number={660},
  pages={330--331},
  year={2017},
  publisher={British Journal of General Practice}
}


@article{wanger2013electrically,
  title={Electrically conductive bacterial nanowires in bisphosphonate-related osteonecrosis of the jaw biofilms},
  author={Wanger, Greg and Gorby, Yuri and El-Naggar, Mohamed Y and Yuzvinsky, Thomas D and Schaudinn, Christoph and Gorur, Amita and Sedghizadeh, Parish P},
  journal={Oral surgery, oral medicine, oral pathology and oral radiology},
  volume={115},
  number={1},
  pages={71--78},
  year={2013},
  publisher={Elsevier}
}

@article{darling2014phylosift,
  title={PhyloSift: phylogenetic analysis of genomes and metagenomes},
  author={Darling, Aaron E and Jospin, Guillaume and Lowe, Eric and Matsen IV, Frederick A and Bik, Holly M and Eisen, Jonathan A},
  journal={PeerJ},
  volume={2},
  pages={e243},
  year={2014},
  publisher={PeerJ Inc.}
}

@article{liu2012control,
  title={Control centrality and hierarchical structure in complex networks},
  author={Liu, Yang-Yu and Slotine, Jean-Jacques and Barab{\'a}si, Albert-L{\'a}szl{\'o}},
  year={2012},
  publisher={Public Library of Science San Francisco, USA}
}


@article{raymann2015two,
  title={The two-domain tree of life is linked to a new root for the Archaea},
  author={Raymann, Kasie and Brochier-Armanet, C{\'e}line and Gribaldo, Simonetta},
  journal={Proceedings of the National Academy of Sciences},
  volume={112},
  number={21},
  pages={6670--6675},
  year={2015},
  publisher={National Acad Sciences}
}

@misc{chimera,
	title={UCSF Chimera. Developed by the Resource for Biocomputing, Visualization, and Informatics at the University of California, San Francisco, with support from NIH P41-GM103311},
	url={ https://www.rbvi.ucsf.edu/chimera}
}


@article{soriani2010relevance,
  title={Relevance of pili in pathogenic streptococci pathogenesis and vaccine development},
  author={Soriani, Marco and Telford, John L},
  journal={Future microbiology},
  volume={5},
  number={5},
  pages={735--747},
  year={2010},
  publisher={Future Medicine}
}


@article{ferry1974methanospirillum,
  title={Methanospirillum, a new genus of methanogenic bacteria, and characterization of Methanospirillum hungatii sp. nov.},
  author={Ferry, James G and Smith, Paul H and Wolfe, RS},
  journal={International Journal of Systematic and Evolutionary Microbiology},
  volume={24},
  number={4},
  pages={465--469},
  year={1974},
  publisher={Microbiology Society}
}

@article{chung1997robert,
  title={Robert E. Hungate: pioneer of anaerobic microbial ecology},
  author={Chung, King-Thom and Bryant, Marvin P},
  journal={Anaerobe},
  volume={3},
  number={4},
  pages={213--217},
  year={1997},
  publisher={Elsevier}
}

@article{gunsalus2016complete,
  title={Complete genome sequence of Methanospirillum hungatei type strain JF1},
  author={Gunsalus, Robert P and Cook, Lauren E and Crable, Bryan and Rohlin, Lars and McDonald, Erin and Mouttaki, Housna and Sieber, Jessica R and Poweleit, Nicole and Zhou, Hong and Lapidus, Alla L and others},
  journal={Standards in genomic sciences},
  volume={11},
  number={1},
  pages={1--10},
  year={2016},
  publisher={BioMed Central}
}

@article{smith1966microbial,
  title={The microbial ecology of sludge methanogenesis},
  author={Smith, PH},
  journal={Dev. Ind. Microbiol},
  volume={7},
  pages={156--161},
  year={1966}
}

@article{balch1979methanogens,
  title={Methanogens: reevaluation of a unique biological group},
  author={Balch, WE and Fox, GE and Magrum, LJ and Woese, CR and Wolfe, RS281474},
  journal={Microbiological reviews},
  volume={43},
  number={2},
  pages={260--296},
  year={1979},
  publisher={Am Soc Microbiol}
}

@article{madden2003blast,
  title={The BLAST sequence analysis tool},
  author={Madden, Tom},
  journal={The NCBI handbook},
  year={2003},
  publisher={National Centre for Biotechnology Information},
  url={https://blast.ncbi.nlm.nih.gov/Blast.cgi}
}

@article{madeira2019embl,
  title={The EMBL-EBI search and sequence analysis tools APIs in 2019},
  author={Madeira, F{\'a}bio and Park, Young Mi and Lee, Joon and Buso, Nicola and Gur, Tamer and Madhusoodanan, Nandana and Basutkar, Prasad and Tivey, Adrian RN and Potter, Simon C and Finn, Robert D and others},
  journal={Nucleic acids research},
  volume={47},
  number={W1},
  pages={W636--W641},
  year={2019},
  publisher={Oxford University Press},
  url={https://www.ebi.ac.uk/Tools/msa/clustalo/}
}


@article{waterhouse2018swiss,
  title={SWISS-MODEL: homology modelling of protein structures and complexes},
  author={Waterhouse, Andrew and Bertoni, Martino and Bienert, Stefan and Studer, Gabriel and Tauriello, Gerardo and Gumienny, Rafal and Heer, Florian T and de Beer, Tjaart A P and Rempfer, Christine and Bordoli, Lorenza and others},
  journal={Nucleic acids research},
  volume={46},
  number={W1},
  pages={W296--W303},
  year={2018},
  publisher={Oxford University Press},
  url={https://swissmodel.expasy.org/}
}


@article{robert2014deciphering,
  title={Deciphering key features in protein structures with the new ENDscript server},
  author={Robert, Xavier and Gouet, Patrice},
  journal={Nucleic acids research},
  volume={42},
  number={W1},
  pages={W320--W324},
  year={2014},
  publisher={Oxford University Press},
  url={https://espript.ibcp.fr/ESPript/cgi-bin/ESPript.cgi}
}
